@article{ziller2013charting,
  title={Charting a dynamic DNA methylation landscape of the human genome},
  author={Ziller, Michael J and Gu, Hongcang and M{\"u}ller, Fabian and Donaghey, Julie and Tsai, Linus T-Y and Kohlbacher, Oliver and De Jager, Philip L and Rosen, Evan D and Bennett, David A and Bernstein, Bradley E and others},
  journal={Nature},
  volume={500},
  number={7463},
  pages={477--481},
  year={2013},
  publisher={Nature Publishing Group}
}

@article{zhang2013predicting,
  title={Predicting genome-wide DNA methylation using methylation marks, genomic position, and DNA regulatory elements},
  author={Zhang, Weiwei and Spector, Tim D and Deloukas, Panos and Bell, Jordana T and Engelhardt, Barbara E},
  journal={arXiv preprint arXiv:1308.2134},
  year={2013}
}

@article{das2006computational,
  title={Computational prediction of methylation status in human genomic sequences},
  author={Das, Rajdeep and Dimitrova, Nevenka and Xuan, Zhenyu and Rollins, Robert A and Haghighi, Fatemah and Edwards, John R and Ju, Jingyue and Bestor, Timothy H and Zhang, Michael Q},
  journal={Proceedings of the National Academy of Sciences},
  volume={103},
  number={28},
  pages={10713--10716},
  year={2006},
  publisher={National Acad Sciences}
}

@article{zhou2012prediction,
  title={Prediction of methylation CpGs and their methylation degrees in human DNA sequences},
  author={Zhou, Xuan and Li, Zhanchao and Dai, Zong and Zou, Xiaoyong},
  journal={Computers in biology and medicine},
  volume={42},
  number={4},
  pages={408--413},
  year={2012},
  publisher={Elsevier}
}

@article{fang2006predicting,
  title={Predicting methylation status of CpG islands in the human brain},
  author={Fang, Fang and Fan, Shicai and Zhang, Xuegong and Zhang, Michael Q},
  journal={Bioinformatics},
  volume={22},
  number={18},
  pages={2204--2209},
  year={2006},
  publisher={Oxford Univ Press}
}